@book{menezes2010,
  title={Introdu{\c{c}}{\~a}o a programa{\c{c}}{\~a}o com Python},
  author={Menezes, Nilo Ney Coutinho},
  journal={S{\~a}o Paulo: Novatec},
  year={2010}
}

@book{menezes2019,
  title={Introdução a programação com Python},
  author={Menezes, Nilo Ney Coutinho},
  journal={S{\~a}o Paulo: Novatec},
  year={2010}
}

@booklet{carvalho2007,
  title={Algoritmos: Notas de aula.},
  author={CARVALHO, F.P.},
  year={2007},
  url={https://fit.faccat.br/~fpereira/apostilas/exerc_resp_alg_mar2007.pdf}
}

@booklet{lopes2011,
  title={Algoritmos: Notas de aula.},
  author={LOPES, A.},
  howpublished={Notas de aula},
  address={Mossoró: IFRN},
  year={2007},
  url={http://docente.ifrn.edu.br/abrahaolopes/semestre-2012.1/1.2411.1v-fundamentos-de-logica-e-algoritmos/lista-de-exercicios-2-operadores-matematicos/at_download/file}
}
